{
  "schema_version": "1.0",
  "run_id": "20260702T173711Z",
  "provider": "coinglass",
  "family": "liquidations",
  "subtype": "liquidation_clusters",
  "data_type": "event_list",
  "asset": "BTC",
  "symbol": "BTCUSDT",
  "exchange": null,
  "timeframe": null,
  "extraction_window": "24h",
  "records": [
    {
      "time": 1782777600000,
      "exchange": "Binance",
      "symbol": "BTCUSDT",
      "side": "bid",
      "price": 61000.0,
      "amount": 5.0,
      "notional_usd": 305000.0,
      "timestamp": 1782777600
    },
    {
      "time": 1782777660000,
      "exchange": "Binance",
      "symbol": "BTCUSDT",
      "side": "ask",
      "price": 61003.5,
      "amount": 5.15,
      "notional_usd": 314168.03,
      "timestamp": 1782777660
    },
    {
      "time": 1782777720000,
      "exchange": "Binance",
      "symbol": "BTCUSDT",
      "side": "bid",
      "price": 61007.0,
      "amount": 5.3,
      "notional_usd": 323337.1,
      "timestamp": 1782777720
    },
    {
      "time": 1782777780000,
      "exchange": "Binance",
      "symbol": "BTCUSDT",
      "side": "ask",
      "price": 61010.5,
      "amount": 5.45,
      "notional_usd": 332507.23,
      "timestamp": 1782777780
    },
    {
      "time": 1782777840000,
      "exchange": "Binance",
      "symbol": "BTCUSDT",
      "side": "bid",
      "price": 61014.0,
      "amount": 5.6,
      "notional_usd": 341678.4,
      "timestamp": 1782777840
    },
    {
      "time": 1782777900000,
      "exchange": "Binance",
      "symbol": "BTCUSDT",
      "side": "ask",
      "price": 61017.5,
      "amount": 5.75,
      "notional_usd": 350850.62,
      "timestamp": 1782777900
    },
    {
      "time": 1782777960000,
      "exchange": "Binance",
      "symbol": "BTCUSDT",
      "side": "bid",
      "price": 61021.0,
      "amount": 5.9,
      "notional_usd": 360023.9,
      "timestamp": 1782777960
    },
    {
      "time": 1782778020000,
      "exchange": "Binance",
      "symbol": "BTCUSDT",
      "side": "ask",
      "price": 61024.5,
      "amount": 6.05,
      "notional_usd": 369198.22,
      "timestamp": 1782778020
    },
    {
      "time": 1782778080000,
      "exchange": "Binance",
      "symbol": "BTCUSDT",
      "side": "bid",
      "price": 61028.0,
      "amount": 6.2,
      "notional_usd": 378373.6,
      "timestamp": 1782778080
    },
    {
      "time": 1782778140000,
      "exchange": "Binance",
      "symbol": "BTCUSDT",
      "side": "ask",
      "price": 61031.5,
      "amount": 6.35,
      "notional_usd": 387550.02,
      "timestamp": 1782778140
    },
    {
      "time": 1782778200000,
      "exchange": "Binance",
      "symbol": "BTCUSDT",
      "side": "bid",
      "price": 61035.0,
      "amount": 6.5,
      "notional_usd": 396727.5,
      "timestamp": 1782778200
    },
    {
      "time": 1782778260000,
      "exchange": "Binance",
      "symbol": "BTCUSDT",
      "side": "ask",
      "price": 61038.5,
      "amount": 6.65,
      "notional_usd": 405906.03,
      "timestamp": 1782778260
    },
    {
      "time": 1782778320000,
      "exchange": "Binance",
      "symbol": "BTCUSDT",
      "side": "bid",
      "price": 61042.0,
      "amount": 6.8,
      "notional_usd": 415085.6,
      "timestamp": 1782778320
    },
    {
      "time": 1782778380000,
      "exchange": "Binance",
      "symbol": "BTCUSDT",
      "side": "ask",
      "price": 61045.5,
      "amount": 6.95,
      "notional_usd": 424266.23,
      "timestamp": 1782778380
    },
    {
      "time": 1782778440000,
      "exchange": "Binance",
      "symbol": "BTCUSDT",
      "side": "bid",
      "price": 61049.0,
      "amount": 7.1,
      "notional_usd": 433447.9,
      "timestamp": 1782778440
    },
    {
      "time": 1782778500000,
      "exchange": "Binance",
      "symbol": "BTCUSDT",
      "side": "ask",
      "price": 61052.5,
      "amount": 7.25,
      "notional_usd": 442630.62,
      "timestamp": 1782778500
    },
    {
      "time": 1782778560000,
      "exchange": "Binance",
      "symbol": "BTCUSDT",
      "side": "bid",
      "price": 61056.0,
      "amount": 7.4,
      "notional_usd": 451814.4,
      "timestamp": 1782778560
    },
    {
      "time": 1782778620000,
      "exchange": "Binance",
      "symbol": "BTCUSDT",
      "side": "ask",
      "price": 61059.5,
      "amount": 7.55,
      "notional_usd": 460999.22,
      "timestamp": 1782778620
    },
    {
      "time": 1782778680000,
      "exchange": "Binance",
      "symbol": "BTCUSDT",
      "side": "bid",
      "price": 61063.0,
      "amount": 7.7,
      "notional_usd": 470185.1,
      "timestamp": 1782778680
    },
    {
      "time": 1782778740000,
      "exchange": "Binance",
      "symbol": "BTCUSDT",
      "side": "ask",
      "price": 61066.5,
      "amount": 7.85,
      "notional_usd": 479372.02,
      "timestamp": 1782778740
    },
    {
      "time": 1782778800000,
      "exchange": "Binance",
      "symbol": "BTCUSDT",
      "side": "bid",
      "price": 61070.0,
      "amount": 8.0,
      "notional_usd": 488560.0,
      "timestamp": 1782778800
    },
    {
      "time": 1782778860000,
      "exchange": "Binance",
      "symbol": "BTCUSDT",
      "side": "ask",
      "price": 61073.5,
      "amount": 8.15,
      "notional_usd": 497749.03,
      "timestamp": 1782778860
    },
    {
      "time": 1782778920000,
      "exchange": "Binance",
      "symbol": "BTCUSDT",
      "side": "bid",
      "price": 61077.0,
      "amount": 8.3,
      "notional_usd": 506939.1,
      "timestamp": 1782778920
    },
    {
      "time": 1782778980000,
      "exchange": "Binance",
      "symbol": "BTCUSDT",
      "side": "ask",
      "price": 61080.5,
      "amount": 8.45,
      "notional_usd": 516130.22,
      "timestamp": 1782778980
    },
    {
      "time": 1782779040000,
      "exchange": "Binance",
      "symbol": "BTCUSDT",
      "side": "bid",
      "price": 61084.0,
      "amount": 8.6,
      "notional_usd": 525322.4,
      "timestamp": 1782779040
    },
    {
      "time": 1782779100000,
      "exchange": "Binance",
      "symbol": "BTCUSDT",
      "side": "ask",
      "price": 61087.5,
      "amount": 8.75,
      "notional_usd": 534515.62,
      "timestamp": 1782779100
    },
    {
      "time": 1782779160000,
      "exchange": "Binance",
      "symbol": "BTCUSDT",
      "side": "bid",
      "price": 61091.0,
      "amount": 8.9,
      "notional_usd": 543709.9,
      "timestamp": 1782779160
    },
    {
      "time": 1782779220000,
      "exchange": "Binance",
      "symbol": "BTCUSDT",
      "side": "ask",
      "price": 61094.5,
      "amount": 9.05,
      "notional_usd": 552905.23,
      "timestamp": 1782779220
    },
    {
      "time": 1782779280000,
      "exchange": "Binance",
      "symbol": "BTCUSDT",
      "side": "bid",
      "price": 61098.0,
      "amount": 9.2,
      "notional_usd": 562101.6,
      "timestamp": 1782779280
    },
    {
      "time": 1782779340000,
      "exchange": "Binance",
      "symbol": "BTCUSDT",
      "side": "ask",
      "price": 61101.5,
      "amount": 9.35,
      "notional_usd": 571299.03,
      "timestamp": 1782779340
    },
    {
      "time": 1782779400000,
      "exchange": "Binance",
      "symbol": "BTCUSDT",
      "side": "bid",
      "price": 61105.0,
      "amount": 9.5,
      "notional_usd": 580497.5,
      "timestamp": 1782779400
    },
    {
      "time": 1782779460000,
      "exchange": "Binance",
      "symbol": "BTCUSDT",
      "side": "ask",
      "price": 61108.5,
      "amount": 9.65,
      "notional_usd": 589697.02,
      "timestamp": 1782779460
    },
    {
      "time": 1782779520000,
      "exchange": "Binance",
      "symbol": "BTCUSDT",
      "side": "bid",
      "price": 61112.0,
      "amount": 9.8,
      "notional_usd": 598897.6,
      "timestamp": 1782779520
    },
    {
      "time": 1782779580000,
      "exchange": "Binance",
      "symbol": "BTCUSDT",
      "side": "ask",
      "price": 61115.5,
      "amount": 9.95,
      "notional_usd": 608099.22,
      "timestamp": 1782779580
    },
    {
      "time": 1782779640000,
      "exchange": "Binance",
      "symbol": "BTCUSDT",
      "side": "bid",
      "price": 61119.0,
      "amount": 10.1,
      "notional_usd": 617301.9,
      "timestamp": 1782779640
    },
    {
      "time": 1782779700000,
      "exchange": "Binance",
      "symbol": "BTCUSDT",
      "side": "ask",
      "price": 61122.5,
      "amount": 10.25,
      "notional_usd": 626505.62,
      "timestamp": 1782779700
    },
    {
      "time": 1782779760000,
      "exchange": "Binance",
      "symbol": "BTCUSDT",
      "side": "bid",
      "price": 61126.0,
      "amount": 10.4,
      "notional_usd": 635710.4,
      "timestamp": 1782779760
    },
    {
      "time": 1782779820000,
      "exchange": "Binance",
      "symbol": "BTCUSDT",
      "side": "ask",
      "price": 61129.5,
      "amount": 10.55,
      "notional_usd": 644916.23,
      "timestamp": 1782779820
    },
    {
      "time": 1782779880000,
      "exchange": "Binance",
      "symbol": "BTCUSDT",
      "side": "bid",
      "price": 61133.0,
      "amount": 10.7,
      "notional_usd": 654123.1,
      "timestamp": 1782779880
    },
    {
      "time": 1782779940000,
      "exchange": "Binance",
      "symbol": "BTCUSDT",
      "side": "ask",
      "price": 61136.5,
      "amount": 10.85,
      "notional_usd": 663331.03,
      "timestamp": 1782779940
    },
    {
      "time": 1782780000000,
      "exchange": "Binance",
      "symbol": "BTCUSDT",
      "side": "bid",
      "price": 61140.0,
      "amount": 11.0,
      "notional_usd": 672540.0,
      "timestamp": 1782780000
    },
    {
      "time": 1782780060000,
      "exchange": "Binance",
      "symbol": "BTCUSDT",
      "side": "ask",
      "price": 61143.5,
      "amount": 11.15,
      "notional_usd": 681750.02,
      "timestamp": 1782780060
    },
    {
      "time": 1782780120000,
      "exchange": "Binance",
      "symbol": "BTCUSDT",
      "side": "bid",
      "price": 61147.0,
      "amount": 11.3,
      "notional_usd": 690961.1,
      "timestamp": 1782780120
    },
    {
      "time": 1782780180000,
      "exchange": "Binance",
      "symbol": "BTCUSDT",
      "side": "ask",
      "price": 61150.5,
      "amount": 11.45,
      "notional_usd": 700173.22,
      "timestamp": 1782780180
    },
    {
      "time": 1782780240000,
      "exchange": "Binance",
      "symbol": "BTCUSDT",
      "side": "bid",
      "price": 61154.0,
      "amount": 11.6,
      "notional_usd": 709386.4,
      "timestamp": 1782780240
    },
    {
      "time": 1782780300000,
      "exchange": "Binance",
      "symbol": "BTCUSDT",
      "side": "ask",
      "price": 61157.5,
      "amount": 11.75,
      "notional_usd": 718600.62,
      "timestamp": 1782780300
    },
    {
      "time": 1782780360000,
      "exchange": "Binance",
      "symbol": "BTCUSDT",
      "side": "bid",
      "price": 61161.0,
      "amount": 11.9,
      "notional_usd": 727815.9,
      "timestamp": 1782780360
    },
    {
      "time": 1782780420000,
      "exchange": "Binance",
      "symbol": "BTCUSDT",
      "side": "ask",
      "price": 61164.5,
      "amount": 12.05,
      "notional_usd": 737032.23,
      "timestamp": 1782780420
    },
    {
      "time": 1782780480000,
      "exchange": "Binance",
      "symbol": "BTCUSDT",
      "side": "bid",
      "price": 61168.0,
      "amount": 12.2,
      "notional_usd": 746249.6,
      "timestamp": 1782780480
    },
    {
      "time": 1782780540000,
      "exchange": "Binance",
      "symbol": "BTCUSDT",
      "side": "ask",
      "price": 61171.5,
      "amount": 12.35,
      "notional_usd": 755468.03,
      "timestamp": 1782780540
    },
    {
      "time": 1782780600000,
      "exchange": "Binance",
      "symbol": "BTCUSDT",
      "side": "bid",
      "price": 61175.0,
      "amount": 12.5,
      "notional_usd": 764687.5,
      "timestamp": 1782780600
    },
    {
      "time": 1782780660000,
      "exchange": "Binance",
      "symbol": "BTCUSDT",
      "side": "ask",
      "price": 61178.5,
      "amount": 12.65,
      "notional_usd": 773908.02,
      "timestamp": 1782780660
    },
    {
      "time": 1782780720000,
      "exchange": "Binance",
      "symbol": "BTCUSDT",
      "side": "bid",
      "price": 61182.0,
      "amount": 12.8,
      "notional_usd": 783129.6,
      "timestamp": 1782780720
    },
    {
      "time": 1782780780000,
      "exchange": "Binance",
      "symbol": "BTCUSDT",
      "side": "ask",
      "price": 61185.5,
      "amount": 12.95,
      "notional_usd": 792352.22,
      "timestamp": 1782780780
    },
    {
      "time": 1782780840000,
      "exchange": "Binance",
      "symbol": "BTCUSDT",
      "side": "bid",
      "price": 61189.0,
      "amount": 13.1,
      "notional_usd": 801575.9,
      "timestamp": 1782780840
    },
    {
      "time": 1782780900000,
      "exchange": "Binance",
      "symbol": "BTCUSDT",
      "side": "ask",
      "price": 61192.5,
      "amount": 13.25,
      "notional_usd": 810800.62,
      "timestamp": 1782780900
    },
    {
      "time": 1782780960000,
      "exchange": "Binance",
      "symbol": "BTCUSDT",
      "side": "bid",
      "price": 61196.0,
      "amount": 13.4,
      "notional_usd": 820026.4,
      "timestamp": 1782780960
    },
    {
      "time": 1782781020000,
      "exchange": "Binance",
      "symbol": "BTCUSDT",
      "side": "ask",
      "price": 61199.5,
      "amount": 13.55,
      "notional_usd": 829253.22,
      "timestamp": 1782781020
    },
    {
      "time": 1782781080000,
      "exchange": "Binance",
      "symbol": "BTCUSDT",
      "side": "bid",
      "price": 61203.0,
      "amount": 13.7,
      "notional_usd": 838481.1,
      "timestamp": 1782781080
    },
    {
      "time": 1782781140000,
      "exchange": "Binance",
      "symbol": "BTCUSDT",
      "side": "ask",
      "price": 61206.5,
      "amount": 13.85,
      "notional_usd": 847710.03,
      "timestamp": 1782781140
    },
    {
      "time": 1782781200000,
      "exchange": "Binance",
      "symbol": "BTCUSDT",
      "side": "bid",
      "price": 61210.0,
      "amount": 14.0,
      "notional_usd": 856940.0,
      "timestamp": 1782781200
    },
    {
      "time": 1782781260000,
      "exchange": "Binance",
      "symbol": "BTCUSDT",
      "side": "ask",
      "price": 61213.5,
      "amount": 14.15,
      "notional_usd": 866171.03,
      "timestamp": 1782781260
    },
    {
      "time": 1782781320000,
      "exchange": "Binance",
      "symbol": "BTCUSDT",
      "side": "bid",
      "price": 61217.0,
      "amount": 14.3,
      "notional_usd": 875403.1,
      "timestamp": 1782781320
    },
    {
      "time": 1782781380000,
      "exchange": "Binance",
      "symbol": "BTCUSDT",
      "side": "ask",
      "price": 61220.5,
      "amount": 14.45,
      "notional_usd": 884636.22,
      "timestamp": 1782781380
    },
    {
      "time": 1782781440000,
      "exchange": "Binance",
      "symbol": "BTCUSDT",
      "side": "bid",
      "price": 61224.0,
      "amount": 14.6,
      "notional_usd": 893870.4,
      "timestamp": 1782781440
    },
    {
      "time": 1782781500000,
      "exchange": "Binance",
      "symbol": "BTCUSDT",
      "side": "ask",
      "price": 61227.5,
      "amount": 14.75,
      "notional_usd": 903105.62,
      "timestamp": 1782781500
    },
    {
      "time": 1782781560000,
      "exchange": "Binance",
      "symbol": "BTCUSDT",
      "side": "bid",
      "price": 61231.0,
      "amount": 14.9,
      "notional_usd": 912341.9,
      "timestamp": 1782781560
    },
    {
      "time": 1782781620000,
      "exchange": "Binance",
      "symbol": "BTCUSDT",
      "side": "ask",
      "price": 61234.5,
      "amount": 15.05,
      "notional_usd": 921579.22,
      "timestamp": 1782781620
    },
    {
      "time": 1782781680000,
      "exchange": "Binance",
      "symbol": "BTCUSDT",
      "side": "bid",
      "price": 61238.0,
      "amount": 15.2,
      "notional_usd": 930817.6,
      "timestamp": 1782781680
    },
    {
      "time": 1782781740000,
      "exchange": "Binance",
      "symbol": "BTCUSDT",
      "side": "ask",
      "price": 61241.5,
      "amount": 15.35,
      "notional_usd": 940057.03,
      "timestamp": 1782781740
    },
    {
      "time": 1782781800000,
      "exchange": "Binance",
      "symbol": "BTCUSDT",
      "side": "bid",
      "price": 61245.0,
      "amount": 15.5,
      "notional_usd": 949297.5,
      "timestamp": 1782781800
    },
    {
      "time": 1782781860000,
      "exchange": "Binance",
      "symbol": "BTCUSDT",
      "side": "ask",
      "price": 61248.5,
      "amount": 15.65,
      "notional_usd": 958539.03,
      "timestamp": 1782781860
    },
    {
      "time": 1782781920000,
      "exchange": "Binance",
      "symbol": "BTCUSDT",
      "side": "bid",
      "price": 61252.0,
      "amount": 15.8,
      "notional_usd": 967781.6,
      "timestamp": 1782781920
    },
    {
      "time": 1782781980000,
      "exchange": "Binance",
      "symbol": "BTCUSDT",
      "side": "ask",
      "price": 61255.5,
      "amount": 15.95,
      "notional_usd": 977025.22,
      "timestamp": 1782781980
    },
    {
      "time": 1782782040000,
      "exchange": "Binance",
      "symbol": "BTCUSDT",
      "side": "bid",
      "price": 61259.0,
      "amount": 16.1,
      "notional_usd": 986269.9,
      "timestamp": 1782782040
    },
    {
      "time": 1782782100000,
      "exchange": "Binance",
      "symbol": "BTCUSDT",
      "side": "ask",
      "price": 61262.5,
      "amount": 16.25,
      "notional_usd": 995515.62,
      "timestamp": 1782782100
    },
    {
      "time": 1782782160000,
      "exchange": "Binance",
      "symbol": "BTCUSDT",
      "side": "bid",
      "price": 61266.0,
      "amount": 16.4,
      "notional_usd": 1004762.4,
      "timestamp": 1782782160
    },
    {
      "time": 1782782220000,
      "exchange": "Binance",
      "symbol": "BTCUSDT",
      "side": "ask",
      "price": 61269.5,
      "amount": 16.55,
      "notional_usd": 1014010.22,
      "timestamp": 1782782220
    },
    {
      "time": 1782782280000,
      "exchange": "Binance",
      "symbol": "BTCUSDT",
      "side": "bid",
      "price": 61273.0,
      "amount": 16.7,
      "notional_usd": 1023259.1,
      "timestamp": 1782782280
    },
    {
      "time": 1782782340000,
      "exchange": "Binance",
      "symbol": "BTCUSDT",
      "side": "ask",
      "price": 61276.5,
      "amount": 16.85,
      "notional_usd": 1032509.03,
      "timestamp": 1782782340
    },
    {
      "time": 1782782400000,
      "exchange": "Binance",
      "symbol": "BTCUSDT",
      "side": "bid",
      "price": 61280.0,
      "amount": 17.0,
      "notional_usd": 1041760.0,
      "timestamp": 1782782400
    },
    {
      "time": 1782782460000,
      "exchange": "Binance",
      "symbol": "BTCUSDT",
      "side": "ask",
      "price": 61283.5,
      "amount": 17.15,
      "notional_usd": 1051012.02,
      "timestamp": 1782782460
    },
    {
      "time": 1782782520000,
      "exchange": "Binance",
      "symbol": "BTCUSDT",
      "side": "bid",
      "price": 61287.0,
      "amount": 17.3,
      "notional_usd": 1060265.1,
      "timestamp": 1782782520
    },
    {
      "time": 1782782580000,
      "exchange": "Binance",
      "symbol": "BTCUSDT",
      "side": "ask",
      "price": 61290.5,
      "amount": 17.45,
      "notional_usd": 1069519.22,
      "timestamp": 1782782580
    },
    {
      "time": 1782782640000,
      "exchange": "Binance",
      "symbol": "BTCUSDT",
      "side": "bid",
      "price": 61294.0,
      "amount": 17.6,
      "notional_usd": 1078774.4,
      "timestamp": 1782782640
    },
    {
      "time": 1782782700000,
      "exchange": "Binance",
      "symbol": "BTCUSDT",
      "side": "ask",
      "price": 61297.5,
      "amount": 17.75,
      "notional_usd": 1088030.62,
      "timestamp": 1782782700
    },
    {
      "time": 1782782760000,
      "exchange": "Binance",
      "symbol": "BTCUSDT",
      "side": "bid",
      "price": 61301.0,
      "amount": 17.9,
      "notional_usd": 1097287.9,
      "timestamp": 1782782760
    },
    {
      "time": 1782782820000,
      "exchange": "Binance",
      "symbol": "BTCUSDT",
      "side": "ask",
      "price": 61304.5,
      "amount": 18.05,
      "notional_usd": 1106546.22,
      "timestamp": 1782782820
    },
    {
      "time": 1782782880000,
      "exchange": "Binance",
      "symbol": "BTCUSDT",
      "side": "bid",
      "price": 61308.0,
      "amount": 18.2,
      "notional_usd": 1115805.6,
      "timestamp": 1782782880
    },
    {
      "time": 1782782940000,
      "exchange": "Binance",
      "symbol": "BTCUSDT",
      "side": "ask",
      "price": 61311.5,
      "amount": 18.35,
      "notional_usd": 1125066.03,
      "timestamp": 1782782940
    },
    {
      "time": 1782783000000,
      "exchange": "Binance",
      "symbol": "BTCUSDT",
      "side": "bid",
      "price": 61315.0,
      "amount": 18.5,
      "notional_usd": 1134327.5,
      "timestamp": 1782783000
    },
    {
      "time": 1782783060000,
      "exchange": "Binance",
      "symbol": "BTCUSDT",
      "side": "ask",
      "price": 61318.5,
      "amount": 18.65,
      "notional_usd": 1143590.02,
      "timestamp": 1782783060
    },
    {
      "time": 1782783120000,
      "exchange": "Binance",
      "symbol": "BTCUSDT",
      "side": "bid",
      "price": 61322.0,
      "amount": 18.8,
      "notional_usd": 1152853.6,
      "timestamp": 1782783120
    },
    {
      "time": 1782783180000,
      "exchange": "Binance",
      "symbol": "BTCUSDT",
      "side": "ask",
      "price": 61325.5,
      "amount": 18.95,
      "notional_usd": 1162118.22,
      "timestamp": 1782783180
    },
    {
      "time": 1782783240000,
      "exchange": "Binance",
      "symbol": "BTCUSDT",
      "side": "bid",
      "price": 61329.0,
      "amount": 19.1,
      "notional_usd": 1171383.9,
      "timestamp": 1782783240
    },
    {
      "time": 1782783300000,
      "exchange": "Binance",
      "symbol": "BTCUSDT",
      "side": "ask",
      "price": 61332.5,
      "amount": 19.25,
      "notional_usd": 1180650.62,
      "timestamp": 1782783300
    },
    {
      "time": 1782783360000,
      "exchange": "Binance",
      "symbol": "BTCUSDT",
      "side": "bid",
      "price": 61336.0,
      "amount": 19.4,
      "notional_usd": 1189918.4,
      "timestamp": 1782783360
    },
    {
      "time": 1782783420000,
      "exchange": "Binance",
      "symbol": "BTCUSDT",
      "side": "ask",
      "price": 61339.5,
      "amount": 19.55,
      "notional_usd": 1199187.22,
      "timestamp": 1782783420
    },
    {
      "time": 1782783480000,
      "exchange": "Binance",
      "symbol": "BTCUSDT",
      "side": "bid",
      "price": 61343.0,
      "amount": 19.7,
      "notional_usd": 1208457.1,
      "timestamp": 1782783480
    },
    {
      "time": 1782783540000,
      "exchange": "Binance",
      "symbol": "BTCUSDT",
      "side": "ask",
      "price": 61346.5,
      "amount": 19.85,
      "notional_usd": 1217728.03,
      "timestamp": 1782783540
    },
    {
      "time": 1782783600000,
      "exchange": "Binance",
      "symbol": "BTCUSDT",
      "side": "bid",
      "price": 61350.0,
      "amount": 20.0,
      "notional_usd": 1227000.0,
      "timestamp": 1782783600
    },
    {
      "time": 1782783660000,
      "exchange": "Binance",
      "symbol": "BTCUSDT",
      "side": "ask",
      "price": 61353.5,
      "amount": 20.15,
      "notional_usd": 1236273.02,
      "timestamp": 1782783660
    },
    {
      "time": 1782783720000,
      "exchange": "Binance",
      "symbol": "BTCUSDT",
      "side": "bid",
      "price": 61357.0,
      "amount": 20.3,
      "notional_usd": 1245547.1,
      "timestamp": 1782783720
    },
    {
      "time": 1782783780000,
      "exchange": "Binance",
      "symbol": "BTCUSDT",
      "side": "ask",
      "price": 61360.5,
      "amount": 20.45,
      "notional_usd": 1254822.22,
      "timestamp": 1782783780
    },
    {
      "time": 1782783840000,
      "exchange": "Binance",
      "symbol": "BTCUSDT",
      "side": "bid",
      "price": 61364.0,
      "amount": 20.6,
      "notional_usd": 1264098.4,
      "timestamp": 1782783840
    },
    {
      "time": 1782783900000,
      "exchange": "Binance",
      "symbol": "BTCUSDT",
      "side": "ask",
      "price": 61367.5,
      "amount": 20.75,
      "notional_usd": 1273375.62,
      "timestamp": 1782783900
    },
    {
      "time": 1782783960000,
      "exchange": "Binance",
      "symbol": "BTCUSDT",
      "side": "bid",
      "price": 61371.0,
      "amount": 20.9,
      "notional_usd": 1282653.9,
      "timestamp": 1782783960
    },
    {
      "time": 1782784020000,
      "exchange": "Binance",
      "symbol": "BTCUSDT",
      "side": "ask",
      "price": 61374.5,
      "amount": 21.05,
      "notional_usd": 1291933.23,
      "timestamp": 1782784020
    },
    {
      "time": 1782784080000,
      "exchange": "Binance",
      "symbol": "BTCUSDT",
      "side": "bid",
      "price": 61378.0,
      "amount": 21.2,
      "notional_usd": 1301213.6,
      "timestamp": 1782784080
    },
    {
      "time": 1782784140000,
      "exchange": "Binance",
      "symbol": "BTCUSDT",
      "side": "ask",
      "price": 61381.5,
      "amount": 21.35,
      "notional_usd": 1310495.02,
      "timestamp": 1782784140
    },
    {
      "time": 1782784200000,
      "exchange": "Binance",
      "symbol": "BTCUSDT",
      "side": "bid",
      "price": 61385.0,
      "amount": 21.5,
      "notional_usd": 1319777.5,
      "timestamp": 1782784200
    },
    {
      "time": 1782784260000,
      "exchange": "Binance",
      "symbol": "BTCUSDT",
      "side": "ask",
      "price": 61388.5,
      "amount": 21.65,
      "notional_usd": 1329061.02,
      "timestamp": 1782784260
    },
    {
      "time": 1782784320000,
      "exchange": "Binance",
      "symbol": "BTCUSDT",
      "side": "bid",
      "price": 61392.0,
      "amount": 21.8,
      "notional_usd": 1338345.6,
      "timestamp": 1782784320
    },
    {
      "time": 1782784380000,
      "exchange": "Binance",
      "symbol": "BTCUSDT",
      "side": "ask",
      "price": 61395.5,
      "amount": 21.95,
      "notional_usd": 1347631.22,
      "timestamp": 1782784380
    },
    {
      "time": 1782784440000,
      "exchange": "Binance",
      "symbol": "BTCUSDT",
      "side": "bid",
      "price": 61399.0,
      "amount": 22.1,
      "notional_usd": 1356917.9,
      "timestamp": 1782784440
    },
    {
      "time": 1782784500000,
      "exchange": "Binance",
      "symbol": "BTCUSDT",
      "side": "ask",
      "price": 61402.5,
      "amount": 22.25,
      "notional_usd": 1366205.62,
      "timestamp": 1782784500
    },
    {
      "time": 1782784560000,
      "exchange": "Binance",
      "symbol": "BTCUSDT",
      "side": "bid",
      "price": 61406.0,
      "amount": 22.4,
      "notional_usd": 1375494.4,
      "timestamp": 1782784560
    },
    {
      "time": 1782784620000,
      "exchange": "Binance",
      "symbol": "BTCUSDT",
      "side": "ask",
      "price": 61409.5,
      "amount": 22.55,
      "notional_usd": 1384784.23,
      "timestamp": 1782784620
    },
    {
      "time": 1782784680000,
      "exchange": "Binance",
      "symbol": "BTCUSDT",
      "side": "bid",
      "price": 61413.0,
      "amount": 22.7,
      "notional_usd": 1394075.1,
      "timestamp": 1782784680
    },
    {
      "time": 1782784740000,
      "exchange": "Binance",
      "symbol": "BTCUSDT",
      "side": "ask",
      "price": 61416.5,
      "amount": 22.85,
      "notional_usd": 1403367.02,
      "timestamp": 1782784740
    }
  ],
  "metadata": {
    "source": "synthetic",
    "provider_endpoint": "coinglass_liquidations_liquidation_clusters",
    "path": "/api/futures/liquidation/aggregated-heatmap/model1",
    "raw_file": "C:/Users/Ottmar/Desktop/TradElatin-Processing/processing-signals/src/processing_signals/input/apis/coinglass/extracted_raw/20260702T173711Z/liquidations/liquidation_clusters/24h_raw.json"
  },
  "quality": {
    "status": "ok",
    "records_count": 120,
    "min_records_required": 0,
    "duplicates_removed": 0
  }
}